@article{chen2021evaluating,
  title={Evaluating large language models trained on code},
  author={Chen, Mark and Tworek, Jerry and Jun, Heewoo and Yuan, Qiming and Pinto, Henrique Ponde de Oliveira and Kaplan, Jared and Edwards, Harri and Burda, Yuri and Joseph, Nicholas and Brockman, Greg and others},
  journal={arXiv preprint arXiv:2107.03374},
  year={2021}
}
@article{feng2020codebert,
  title={Codebert: A pre-trained model for programming and natural languages},
  author={Feng, Zhangyin and Guo, Daya and Tang, Duyu and Duan, Nan and Feng, Xiaocheng and Gong, Ming and Shou, Linjun and Qin, Bing and Liu, Ting and Jiang, Daxin and others},
  journal={arXiv preprint arXiv:2002.08155},
  year={2020}
}
@article{brown2020language,
  title={Language models are few-shot learners},
  author={Brown, Tom and Mann, Benjamin and Ryder, Nick and Subbiah, Melanie and Kaplan, Jared D and Dhariwal, Prafulla and Neelakantan, Arvind and Shyam, Pranav and Sastry, Girish and Askell, Amanda and others},
  journal={Advances in neural information processing systems},
  volume={33},
  pages={1877--1901},
  year={2020}
}
@article{touvron2023llama,
  title={Llama: Open and efficient foundation language models},
  author={Touvron, Hugo and Lavril, Thibaut and Izacard, Gautier and Martinet, Xavier and Lachaux, Marie-Anne and Lacroix, Timoth{\'e}e and Rozi{\`e}re, Baptiste and Goyal, Naman and Hambro, Eric and Azhar, Faisal and others},
  journal={arXiv preprint arXiv:2302.13971},
  year={2023}
}
@article{li2022competition,
  title={Competition-level code generation with alphacode},
  author={Li, Yujia and Choi, David and Chung, Junyoung and Kushman, Nate and Schrittwieser, Julian and Leblond, R{\'e}mi and Eccles, Tom and Keeling, James and Gimeno, Felix and Dal Lago, Agustin and others},
  journal={Science},
  volume={378},
  number={6624},
  pages={1092--1097},
  year={2022},
  publisher={American Association for the Advancement of Science}
}
@article{nijkamp2022codegen,
  title={Codegen: An open large language model for code with multi-turn program synthesis},
  author={Nijkamp, Erik and Pang, Bo and Hayashi, Hiroaki and Tu, Lifu and Wang, Huan and Zhou, Yingbo and Savarese, Silvio and Xiong, Caiming},
  journal={arXiv preprint arXiv:2203.13474},
  year={2022}
}
@article{wang2021codet5,
  title={Codet5: Identifier-aware unified pre-trained encoder-decoder models for code understanding and generation},
  author={Wang, Yue and Wang, Weishi and Joty, Shafiq and Hoi, Steven CH},
  journal={arXiv preprint arXiv:2109.00859},
  year={2021}
}

@article{ahmad2021unified,
  title={Unified pre-training for program understanding and generation},
  author={Ahmad, Wasi Uddin and Chakraborty, Saikat and Ray, Baishakhi and Chang, Kai-Wei},
  journal={arXiv preprint arXiv:2103.06333},
  year={2021}
}
@article{fried2022incoder,
  title={Incoder: A generative model for code infilling and synthesis},
  author={Fried, Daniel and Aghajanyan, Armen and Lin, Jessy and Wang, Sida and Wallace, Eric and Shi, Freda and Zhong, Ruiqi and Yih, Wen-tau and Zettlemoyer, Luke and Lewis, Mike},
  journal={arXiv preprint arXiv:2204.05999},
  year={2022}
}
@inproceedings{nam2024using,
  title={Using an llm to help with code understanding},
  author={Nam, Daye and Macvean, Andrew and Hellendoorn, Vincent and Vasilescu, Bogdan and Myers, Brad},
  booktitle={Proceedings of the IEEE/ACM 46th International Conference on Software Engineering},
  pages={1--13},
  year={2024}
}
@inproceedings{khan2022automatic,
  title={Automatic code documentation generation using gpt-3},
  author={Khan, Junaed Younus and Uddin, Gias},
  booktitle={Proceedings of the 37th IEEE/ACM International Conference on Automated Software Engineering},
  pages={1--6},
  year={2022}
}

@comment Test ###################################################
@article{alshahwan2024automated,
  title={Automated unit test improvement using large language models at meta},
  author={Alshahwan, Nadia and Chheda, Jubin and Finegenova, Anastasia and Gokkaya, Beliz and Harman, Mark and Harper, Inna and Marginean, Alexandru and Sengupta, Shubho and Wang, Eddy},
  journal={arXiv preprint arXiv:2402.09171},
  year={2024}
}
@article{wang2024software,
  title={Software testing with large language models: Survey, landscape, and vision},
  author={Wang, Junjie and Huang, Yuchao and Chen, Chunyang and Liu, Zhe and Wang, Song and Wang, Qing},
  journal={IEEE Transactions on Software Engineering},
  year={2024},
  publisher={IEEE}
}
@article{schafer2023empirical,
  title={An empirical evaluation of using large language models for automated unit test generation},
  author={Sch{\"a}fer, Max and Nadi, Sarah and Eghbali, Aryaz and Tip, Frank},
  journal={IEEE Transactions on Software Engineering},
  year={2023},
  publisher={IEEE}
}
@misc{cvedetails2024,
  author = {{CVE Details}},
  title = {Vulnerability Details and Information},
  year = {2024},
  howpublished = {\url{https://www.cvedetails.com/}},
  note = {Accessed: 2024-06-19}
}



@comment Related work###########################################

@inproceedings{ullah2024llms,
  title={LLMs Cannot Reliably Identify and Reason About Security Vulnerabilities (Yet?): A Comprehensive Evaluation, Framework, and Benchmarks},
  author={Ullah, Saad and Han, Mingji and Pujar, Saurabh and Pearce, Hammond and Coskun, Ayse and Stringhini, Gianluca},
  booktitle={IEEE Symposium on Security and Privacy},
  year={2024}
}
@article{khare2023understanding,
  title={Understanding the Effectiveness of Large Language Models in Detecting Security Vulnerabilities},
  author={Khare, Avishree and Dutta, Saikat and Li, Ziyang and Solko-Breslin, Alaia and Alur, Rajeev and Naik, Mayur},
  journal={arXiv preprint arXiv:2311.16169},
  year={2023}
}
@article{sun2024llm4vuln,
  title={LLM4Vuln: A Unified Evaluation Framework for Decoupling and Enhancing LLMs' Vulnerability Reasoning},
  author={Sun, Yuqiang and Wu, Daoyuan and Xue, Yue and Liu, Han and Ma, Wei and Zhang, Lyuye and Shi, Miaolei and Liu, Yang},
  journal={arXiv preprint arXiv:2401.16185},
  year={2024}
}

@article{liu2024vuldetectbench,
  title={VulDetectBench: Evaluating the Deep Capability of Vulnerability Detection with Large Language Models},
  author={Liu, Yu and Gao, Lang and Yang, Mingxin and Xie, Yu and Chen, Ping and Zhang, Xiaojin and Chen, Wei},
  journal={arXiv preprint arXiv:2406.07595},
  year={2024}
}

@article{gao2023far,
  title={How Far Have We Gone in Vulnerability Detection Using Large Language Models},
  author={Gao, Zeyu and Wang, Hao and Zhou, Yuchen and Zhu, Wenyu and Zhang, Chao},
  journal={arXiv preprint arXiv:2311.12420},
  year={2023}
}

@comment #############Future
@article{yao2022react,
  title={React: Synergizing reasoning and acting in language models},
  author={Yao, Shunyu and Zhao, Jeffrey and Yu, Dian and Du, Nan and Shafran, Izhak and Narasimhan, Karthik and Cao, Yuan},
  journal={arXiv preprint arXiv:2210.03629},
  year={2022}
}
@article{wang2024executable,
  title={Executable code actions elicit better llm agents},
  author={Wang, Xingyao and Chen, Yangyi and Yuan, Lifan and Zhang, Yizhe and Li, Yunzhu and Peng, Hao and Ji, Heng},
  journal={arXiv preprint arXiv:2402.01030},
  year={2024}
}
@article{shentu2024llms,
  title={From LLMs to Actions: Latent Codes as Bridges in Hierarchical Robot Control},
  author={Shentu, Yide and Wu, Philipp and Rajeswaran, Aravind and Abbeel, Pieter},
  journal={arXiv preprint arXiv:2405.04798},
  year={2024}
}
@article{liu2024your,
  title={Is your code generated by chatgpt really correct? rigorous evaluation of large language models for code generation},
  author={Liu, Jiawei and Xia, Chunqiu Steven and Wang, Yuyao and Zhang, Lingming},
  journal={Advances in Neural Information Processing Systems},
  volume={36},
  year={2024}
}


@comment Extra ##########################
@article{yan2023codescope,
  title={Codescope: An execution-based multilingual multitask multidimensional benchmark for evaluating llms on code understanding and generation},
  author={Yan, Weixiang and Liu, Haitian and Wang, Yunkun and Li, Yunzhe and Chen, Qian and Wang, Wen and Lin, Tingyu and Zhao, Weishan and Zhu, Li and Deng, Shuiguang and others},
  journal={arXiv preprint arXiv:2311.08588},
  year={2023}
}
@comment ##############dataset################
@inproceedings{pereira2022software,
  title={A Software Vulnerability Dataset of Large Open Source C/C++ Projects},
  author={Pereira, Jos{\'e} D'Abruzzo and Antunes, Jo{\~a}o Henggeler and Vieira, Marco},
  booktitle={2022 IEEE 27th Pacific Rim International Symposium on Dependable Computing (PRDC)},
  pages={152--163},
  year={2022},
  organization={IEEE}
}






@inproceedings{lin2004rouge,
  title={Rouge: A package for automatic evaluation of summaries},
  author={Lin, Chin-Yew},
  booktitle={Text summarization branches out},
  pages={74--81},
  year={2004}
}
@article{ren2020codebleu,
  title={Codebleu: a method for automatic evaluation of code synthesis},
  author={Ren, Shuo and Guo, Daya and Lu, Shuai and Zhou, Long and Liu, Shujie and Tang, Duyu and Sundaresan, Neel and Zhou, Ming and Blanco, Ambrosio and Ma, Shuai},
  journal={arXiv preprint arXiv:2009.10297},
  year={2020}
}
@article{mccabe1976complexity,
  title={A complexity measure},
  author={McCabe, Thomas J},
  journal={IEEE Transactions on software Engineering},
  number={4},
  pages={308--320},
  year={1976},
  publisher={IEEE}
}
@inproceedings{bhandari2021cvefixes,
  title={CVEfixes: automated collection of vulnerabilities and their fixes from open-source software},
  author={Bhandari, Guru and Naseer, Amara and Moonen, Leon},
  booktitle={Proceedings of the 17th International Conference on Predictive Models and Data Analytics in Software Engineering},
  pages={30--39},
  year={2021}
}
@article{roziere2023code,
  title={Code llama: Open foundation models for code},
  author={Roziere, Baptiste and Gehring, Jonas and Gloeckle, Fabian and Sootla, Sten and Gat, Itai and Tan, Xiaoqing Ellen and Adi, Yossi and Liu, Jingyu and Remez, Tal and Rapin, J{\'e}r{\'e}my and others},
  journal={arXiv preprint arXiv:2308.12950},
  year={2023}
}
@article{zhu2024deepseek,
  title={DeepSeek-Coder-V2: Breaking the Barrier of Closed-Source Models in Code Intelligence},
  author={Zhu, Qihao and Guo, Daya and Shao, Zhihong and Yang, Dejian and Wang, Peiyi and Xu, Runxin and Wu, Y and Li, Yukun and Gao, Huazuo and Ma, Shirong and others},
  journal={arXiv preprint arXiv:2406.11931},
  year={2024}
}
@article{team2024gemma,
  title={Gemma: Open models based on gemini research and technology},
  author={Team, Gemma and Mesnard, Thomas and Hardin, Cassidy and Dadashi, Robert and Bhupatiraju, Surya and Pathak, Shreya and Sifre, Laurent and Rivi{\`e}re, Morgane and Kale, Mihir Sanjay and Love, Juliette and others},
  journal={arXiv preprint arXiv:2403.08295},
  year={2024}
}
@article{chakraborty2021deep,
  title={Deep learning based vulnerability detection: Are we there yet?},
  author={Chakraborty, Saikat and Krishna, Rahul and Ding, Yangruibo and Ray, Baishakhi},
  journal={IEEE Transactions on Software Engineering},
  volume={48},
  number={9},
  pages={3280--3296},
  year={2021},
  publisher={IEEE}
}
@article{zhou2019devign,
  title={Devign: Effective vulnerability identification by learning comprehensive program semantics via graph neural networks},
  author={Zhou, Yaqin and Liu, Shangqing and Siow, Jingkai and Du, Xiaoning and Liu, Yang},
  journal={Advances in neural information processing systems},
  volume={32},
  year={2019}
}
@inproceedings{papineni2002bleu,
  title={Bleu: a method for automatic evaluation of machine translation},
  author={Papineni, Kishore and Roukos, Salim and Ward, Todd and Zhu, Wei-Jing},
  booktitle={Proceedings of the 40th annual meeting of the Association for Computational Linguistics},
  pages={311--318},
  year={2002}
}


@article{chang2024survey,
  title={A survey on evaluation of large language models},
  author={Chang, Yupeng and Wang, Xu and Wang, Jindong and Wu, Yuan and Yang, Linyi and Zhu, Kaijie and Chen, Hao and Yi, Xiaoyuan and Wang, Cunxiang and Wang, Yidong and others},
  journal={ACM Transactions on Intelligent Systems and Technology},
  volume={15},
  number={3},
  pages={1--45},
  year={2024},
  publisher={ACM New York, NY}
}
@article{le2024automatic,
  title={Automatic Data Labeling for Software Vulnerability Prediction Models: How Far Are We?},
  author={Le, Triet HM and Babar, M Ali},
  journal={arXiv preprint arXiv:2407.17803},
  year={2024}
}
@inproceedings{wu2023effective,
  title={How effective are neural networks for fixing security vulnerabilities},
  author={Wu, Yi and Jiang, Nan and Pham, Hung Viet and Lutellier, Thibaud and Davis, Jordan and Tan, Lin and Babkin, Petr and Shah, Sameena},
  booktitle={Proceedings of the 32nd ACM SIGSOFT International Symposium on Software Testing and Analysis},
  pages={1282--1294},
  year={2023}
}
@article{sarker2023machine,
  title={Machine learning for intelligent data analysis and automation in cybersecurity: current and future prospects},
  author={Sarker, Iqbal H},
  journal={Annals of Data Science},
  volume={10},
  number={6},
  pages={1473--1498},
  year={2023},
  publisher={Springer}
}
@inproceedings{russell2018automated,
  title={Automated vulnerability detection in source code using deep representation learning},
  author={Russell, Rebecca and Kim, Louis and Hamilton, Lei and Lazovich, Tomo and Harer, Jacob and Ozdemir, Onur and Ellingwood, Paul and McConley, Marc},
  booktitle={2018 17th IEEE international conference on machine learning and applications (ICMLA)},
  pages={757--762},
  year={2018},
  organization={IEEE}
}
@article{li2024enhancing,
  title={Enhancing Static Analysis for Practical Bug Detection: An LLM-Integrated Approach},
  author={Li, Haonan and Hao, Yu and Zhai, Yizhuo and Qian, Zhiyun},
  journal={Proceedings of the ACM on Programming Languages},
  volume={8},
  number={OOPSLA1},
  pages={474--499},
  year={2024},
  publisher={ACM New York, NY, USA}
}
@article{zibaeirad2024comprehensive,
  title={A Comprehensive Survey on the Security of Smart Grid: Challenges, Mitigations, and Future Research Opportunities},
  author={Zibaeirad, Arastoo and Koleini, Farnoosh and Bi, Shengping and Hou, Tao and Wang, Tao},
  journal={arXiv preprint arXiv:2407.07966},
  year={2024}
}


@article{lu2021codexglue,
  title={Codexglue: A machine learning benchmark dataset for code understanding and generation},
  author={Lu, Shuai and Guo, Daya and Ren, Shuo and Huang, Junjie and Svyatkovskiy, Alexey and Blanco, Ambrosio and Clement, Colin and Drain, Dawn and Jiang, Daxin and Tang, Duyu and others},
  journal={arXiv preprint arXiv:2102.04664},
  year={2021}
}
@inproceedings{zheng2021d2a,
  title={D2a: A dataset built for ai-based vulnerability detection methods using differential analysis},
  author={Zheng, Yunhui and Pujar, Saurabh and Lewis, Burn and Buratti, Luca and Epstein, Edward and Yang, Bo and Laredo, Jim and Morari, Alessandro and Su, Zhong},
  booktitle={2021 IEEE/ACM 43rd International Conference on Software Engineering: Software Engineering in Practice (ICSE-SEIP)},
  pages={111--120},
  year={2021},
  organization={IEEE}
}
@article{dubey2024llama,
  title={The Llama 3 Herd of Models},
  author={Dubey, Abhimanyu and Jauhri, Abhinav and Pandey, Abhinav and Kadian, Abhishek and Al-Dahle, Ahmad and Letman, Aiesha and Mathur, Akhil and Schelten, Alan and Yang, Amy and Fan, Angela and others},
  journal={arXiv preprint arXiv:2407.21783},
  year={2024}
}
@inproceedings{pereira2021machine,
  title={Machine learning to combine static analysis alerts with software metrics to detect security vulnerabilities: An empirical study},
  author={Pereira, Jos{\'e} D'Abruzzo and Campos, Joao R and Vieira, Marco},
  booktitle={2021 17th European Dependable Computing Conference (EDCC)},
  pages={1--8},
  year={2021},
  organization={IEEE}
}
@article{huang2023survey,
  title={A survey on automated program repair techniques},
  author={Huang, Kai and Xu, Zhengzi and Yang, Su and Sun, Hongyu and Li, Xuejun and Yan, Zheng and Zhang, Yuqing},
  journal={arXiv preprint arXiv:2303.18184},
  year={2023}
}
@article{zhang2023survey,
  title={A survey of learning-based automated program repair},
  author={Zhang, Quanjun and Fang, Chunrong and Ma, Yuxiang and Sun, Weisong and Chen, Zhenyu},
  journal={ACM Transactions on Software Engineering and Methodology},
  volume={33},
  number={2},
  pages={1--69},
  year={2023},
  publisher={ACM New York, NY}
}
@article{manes2019art,
  title={The art, science, and engineering of fuzzing: A survey},
  author={Man{\`e}s, Valentin JM and Han, HyungSeok and Han, Choongwoo and Cha, Sang Kil and Egele, Manuel and Schwartz, Edward J and Woo, Maverick},
  journal={IEEE Transactions on Software Engineering},
  volume={47},
  number={11},
  pages={2312--2331},
  year={2019},
  publisher={IEEE}
}
@inproceedings{klees2018evaluating,
  title={Evaluating fuzz testing},
  author={Klees, George and Ruef, Andrew and Cooper, Benji and Wei, Shiyi and Hicks, Michael},
  booktitle={Proceedings of the 2018 ACM SIGSAC conference on computer and communications security},
  pages={2123--2138},
  year={2018}
}
@misc{mitre_cve,
  author= {{MITRE Corporation}},
  title= {Common Vulnerabilities and Exposures (CVE)},
  year= {2024},
  url= {https://cve.mitre.org/},
  note= {Accessed: 2024-08-13}
}

@misc{nist_nvd,
  author={{National Institute of Standards and Technology}},
  title={National Vulnerability Database (NVD)},
  year={2024},
  url={https://nvd.nist.gov/},
  note={Accessed: 2024-08-13}
}
@article{russakovsky2015imagenet,
  title={Imagenet large scale visual recognition challenge},
  author={Russakovsky, Olga and Deng, Jia and Su, Hao and Krause, Jonathan and Satheesh, Sanjeev and Ma, Sean and Huang, Zhiheng and Karpathy, Andrej and Khosla, Aditya and Bernstein, Michael and others},
  journal={International journal of computer vision},
  volume={115},
  pages={211--252},
  year={2015},
  publisher={Springer}
}
@article{craswell2009mean,
  title={Mean reciprocal rank},
  author={Craswell, Nick},
  journal={Encyclopedia of database systems},
  pages={1703--1703},
  year={2009},
  publisher={Springer US}
}

@misc{gholami2024improvedgeneralizationboundscommunication,
      title={Improved Generalization Bounds for Communication Efficient Federated Learning}, 
      author={Peyman Gholami and Hulya Seferoglu},
      year={2024},
      eprint={2404.11754},
      archivePrefix={arXiv},
      primaryClass={cs.LG},
      url={https://arxiv.org/abs/2404.11754}, 
}

 @ARTICLE{digest,
  author={Gholami, Peyman and Seferoglu, Hulya},
  journal={IEEE Transactions on Machine Learning in Communications and Networking}, 
  title={DIGEST: Fast and Communication Efficient Decentralized Learning with Local Updates}, 
  year={2024},
  volume={},
  number={},
  pages={1-1},
  keywords={Convergence;Streams;Computational modeling;Data models;Stochastic processes;Cloud computing;Synchronization;Machine learning;distributed learning;decentralized learning;local stochastic gradient descent (SGD);federated learning},
  doi={10.1109/TMLCN.2024.3354236}}

@misc{hoffmann2022trainingcomputeoptimallargelanguage,
      title={Training Compute-Optimal Large Language Models}, 
      author={Jordan Hoffmann and Sebastian Borgeaud and Arthur Mensch and Elena Buchatskaya and Trevor Cai and Eliza Rutherford and Diego de Las Casas and Lisa Anne Hendricks and Johannes Welbl and Aidan Clark and Tom Hennigan and Eric Noland and Katie Millican and George van den Driessche and Bogdan Damoc and Aurelia Guy and Simon Osindero and Karen Simonyan and Erich Elsen and Jack W. Rae and Oriol Vinyals and Laurent Sifre},
      year={2022},
      eprint={2203.15556},
      archivePrefix={arXiv},
      primaryClass={cs.CL},
      url={https://arxiv.org/abs/2203.15556}, 
}
@inproceedings{park2023generative,
  title={Generative agents: Interactive simulacra of human behavior},
  author={Park, Joon Sung and O'Brien, Joseph and Cai, Carrie Jun and Morris, Meredith Ringel and Liang, Percy and Bernstein, Michael S},
  booktitle={Proceedings of the 36th annual acm symposium on user interface software and technology},
  pages={1--22},
  year={2023}
}
@article{vilalta2002perspective,
  title={A perspective view and survey of meta-learning},
  author={Vilalta, Ricardo and Drissi, Youssef},
  journal={Artificial intelligence review},
  volume={18},
  pages={77--95},
  year={2002},
  publisher={Springer}
}
@article{goodfellow2013empirical,
  title={An empirical investigation of catastrophic forgetting in gradient-based neural networks},
  author={Goodfellow, Ian J and Mirza, Mehdi and Xiao, Da and Courville, Aaron and Bengio, Yoshua},
  journal={arXiv preprint arXiv:1312.6211},
  year={2013}
}
@article{kirkpatrick2017overcoming,
  title={Overcoming catastrophic forgetting in neural networks},
  author={Kirkpatrick, James and Pascanu, Razvan and Rabinowitz, Neil and Veness, Joel and Desjardins, Guillaume and Rusu, Andrei A and Milan, Kieran and Quan, John and Ramalho, Tiago and Grabska-Barwinska, Agnieszka and others},
  journal={Proceedings of the national academy of sciences},
  volume={114},
  number={13},
  pages={3521--3526},
  year={2017},
  publisher={National Acad Sciences}
}
@article{hospedales2021meta,
  title={Meta-learning in neural networks: A survey},
  author={Hospedales, Timothy and Antoniou, Antreas and Micaelli, Paul and Storkey, Amos},
  journal={IEEE transactions on pattern analysis and machine intelligence},
  volume={44},
  number={9},
  pages={5149--5169},
  year={2021},
  publisher={IEEE}
}
@article{jiang2023mistral,
  title={Mistral 7B},
  author={Jiang, Albert Q and Sablayrolles, Alexandre and Mensch, Arthur and Bamford, Chris and Chaplot, Devendra Singh and Casas, Diego de las and Bressand, Florian and Lengyel, Gianna and Lample, Guillaume and Saulnier, Lucile and others},
  journal={arXiv preprint arXiv:2310.06825},
  year={2023}
}
@inproceedings{xia2023automated,
  title={Automated program repair in the era of large pre-trained language models},
  author={Xia, Chunqiu Steven and Wei, Yuxiang and Zhang, Lingming},
  booktitle={2023 IEEE/ACM 45th International Conference on Software Engineering (ICSE)},
  pages={1482--1494},
  year={2023},
  organization={IEEE}
}
@inproceedings{sallou2024breaking,
  title={Breaking the silence: the threats of using llms in software engineering},
  author={Sallou, June and Durieux, Thomas and Panichella, Annibale},
  booktitle={Proceedings of the 2024 ACM/IEEE 44th International Conference on Software Engineering: New Ideas and Emerging Results},
  pages={102--106},
  year={2024}
}
@inproceedings{xu2022systematic,
  title={A systematic evaluation of large language models of code},
  author={Xu, Frank F and Alon, Uri and Neubig, Graham and Hellendoorn, Vincent Josua},
  booktitle={Proceedings of the 6th ACM SIGPLAN International Symposium on Machine Programming},
  pages={1--10},
  year={2022}
}
@inproceedings{fan2023large,
  title={Large language models for software engineering: Survey and open problems},
  author={Fan, Angela and Gokkaya, Beliz and Harman, Mark and Lyubarskiy, Mitya and Sengupta, Shubho and Yoo, Shin and Zhang, Jie M},
  booktitle={2023 IEEE/ACM International Conference on Software Engineering: Future of Software Engineering (ICSE-FoSE)},
  pages={31--53},
  year={2023},
  organization={IEEE}
}
@inproceedings{thomas2022dynamic,
  title={Dynamic defenses and the transferability of adversarial examples},
  author={Thomas, Sam and Koleini, Farnoosh and Tabrizi, Nasseh},
  booktitle={2022 IEEE 4th International Conference on Trust, Privacy and Security in Intelligent Systems, and Applications (TPS-ISA)},
  pages={276--284},
  year={2022},
  organization={IEEE}
}
@inproceedings{fan2020ac,
  title={AC/C++ code vulnerability dataset with code changes and CVE summaries},
  author={Fan, Jiahao and Li, Yi and Wang, Shaohua and Nguyen, Tien N},
  booktitle={Proceedings of the 17th International Conference on Mining Software Repositories},
  pages={508--512},
  year={2020}
}
@inproceedings{chen2023diversevul,
  title={Diversevul: A new vulnerable source code dataset for deep learning based vulnerability detection},
  author={Chen, Yizheng and Ding, Zhoujie and Alowain, Lamya and Chen, Xinyun and Wagner, David},
  booktitle={Proceedings of the 26th International Symposium on Research in Attacks, Intrusions and Defenses},
  pages={654--668},
  year={2023}
}
@inproceedings{siddiq2022securityeval,
  title={SecurityEval dataset: mining vulnerability examples to evaluate machine learning-based code generation techniques},
  author={Siddiq, Mohammed Latif and Santos, Joanna CS},
  booktitle={Proceedings of the 1st International Workshop on Mining Software Repositories Applications for Privacy and Security},
  pages={29--33},
  year={2022}
}
@inproceedings{wu2023effective,
  title={How effective are neural networks for fixing security vulnerabilities},
  author={Wu, Yi and Jiang, Nan and Pham, Hung Viet and Lutellier, Thibaud and Davis, Jordan and Tan, Lin and Babkin, Petr and Shah, Sameena},
  booktitle={Proceedings of the 32nd ACM SIGSOFT International Symposium on Software Testing and Analysis},
  pages={1282--1294},
  year={2023}
}
@article{wang2024executable,
  title={Executable code actions elicit better llm agents},
  author={Wang, Xingyao and Chen, Yangyi and Yuan, Lifan and Zhang, Yizhe and Li, Yunzhu and Peng, Hao and Ji, Heng},
  journal={arXiv preprint arXiv:2402.01030},
  year={2024}
}
@article{widyasari2024beyond,
  title={Beyond ChatGPT: Enhancing Software Quality Assurance Tasks with Diverse LLMs and Validation Techniques},
  author={Widyasari, Ratnadira and Lo, David and Liao, Lizi},
  journal={arXiv preprint arXiv:2409.01001},
  year={2024}
}
@misc{zhou2024largelanguagemodelvulnerability,
      title={Large Language Model for Vulnerability Detection and Repair: Literature Review and the Road Ahead}, 
      author={Xin Zhou and Sicong Cao and Xiaobing Sun and David Lo},
      year={2024},
      eprint={2404.02525},
      archivePrefix={arXiv},
      primaryClass={cs.SE},
      url={https://arxiv.org/abs/2404.02525}, 
}
@inproceedings{chu2024graph,
  title={Graph neural networks for vulnerability detection: A counterfactual explanation},
  author={Chu, Zhaoyang and Wan, Yao and Li, Qian and Wu, Yang and Zhang, Hongyu and Sui, Yulei and Xu, Guandong and Jin, Hai},
  booktitle={Proceedings of the 33rd ACM SIGSOFT International Symposium on Software Testing and Analysis},
  pages={389--401},
  year={2024}
}
@article{wang2020combining,
  title={Combining graph-based learning with automated data collection for code vulnerability detection},
  author={Wang, Huanting and Ye, Guixin and Tang, Zhanyong and Tan, Shin Hwei and Huang, Songfang and Fang, Dingyi and Feng, Yansong and Bian, Lizhong and Wang, Zheng},
  journal={IEEE Transactions on Information Forensics and Security},
  volume={16},
  pages={1943--1958},
  year={2020},
  publisher={IEEE}
}
@article{nong2024automated,
  title={Automated Software Vulnerability Patching using Large Language Models},
  author={Nong, Yu and Yang, Haoran and Cheng, Long and Hu, Hongxin and Cai, Haipeng},
  journal={arXiv preprint arXiv:2408.13597},
  year={2024}
}
@inproceedings{zhou2024large,
  title={Large language model for vulnerability detection: Emerging results and future directions},
  author={Zhou, Xin and Zhang, Ting and Lo, David},
  booktitle={Proceedings of the 2024 ACM/IEEE 44th International Conference on Software Engineering: New Ideas and Emerging Results},
  pages={47--51},
  year={2024}
}
@article{li2024llm,
  title={LLM-Assisted Static Analysis for Detecting Security Vulnerabilities},
  author={Li, Ziyang and Dutta, Saikat and Naik, Mayur},
  journal={arXiv preprint arXiv:2405.17238},
  year={2024}
}
@inproceedings{liu2024pre,
  title={Pre-training by Predicting Program Dependencies for Vulnerability Analysis Tasks},
  author={Liu, Zhongxin and Tang, Zhijie and Zhang, Junwei and Xia, Xin and Yang, Xiaohu},
  booktitle={Proceedings of the IEEE/ACM 46th International Conference on Software Engineering},
  pages={1--13},
  year={2024}
}
@inproceedings{wang2024combining,
  title={Combining Structured Static Code Information and Dynamic Symbolic Traces for Software Vulnerability Prediction},
  author={Wang, Huanting and Tang, Zhanyong and Tan, Shin Hwei and Wang, Jie and Liu, Yuzhe and Fang, Hejun and Xia, Chunwei and Wang, Zheng},
  booktitle={Proceedings of the IEEE/ACM 46th International Conference on Software Engineering},
  pages={1--13},
  year={2024}
}
@article{iannone2022secret,
  title={The secret life of software vulnerabilities: A large-scale empirical study},
  author={Iannone, Emanuele and Guadagni, Roberta and Ferrucci, Filomena and De Lucia, Andrea and Palomba, Fabio},
  journal={IEEE Transactions on Software Engineering},
  volume={49},
  number={1},
  pages={44--63},
  year={2022},
  publisher={IEEE}
}
@inproceedings{croft2022noisy,
  title={Noisy label learning for security defects},
  author={Croft, Roland and Babar, M Ali and Chen, Huaming},
  booktitle={Proceedings of the 19th International Conference on Mining Software Repositories},
  pages={435--447},
  year={2022}
}
@article{hommersom2024automated,
  title={Automated mapping of vulnerability advisories onto their fix commits in open source repositories},
  author={Hommersom, Daan and Sabetta, Antonino and Coppola, Bonaventura and Nucci, Dario Di and Tamburri, Damian A},
  journal={ACM Transactions on Software Engineering and Methodology},
  volume={33},
  number={5},
  pages={1--28},
  year={2024},
  publisher={ACM New York, NY}
}
@inproceedings{fu2022linevul,
  title={Linevul: A transformer-based line-level vulnerability prediction},
  author={Fu, Michael and Tantithamthavorn, Chakkrit},
  booktitle={Proceedings of the 19th International Conference on Mining Software Repositories},
  pages={608--620},
  year={2022}
}
@article{zibaeirad2024vulnllmeval,
  title={VulnLLMEval: A Framework for Evaluating Large Language Models in Software Vulnerability Detection and Patching},
  author={Zibaeirad, Arastoo and Vieira, Marco},
  journal={arXiv preprint arXiv:2409.10756},
  year={2024}
}
@article{guo2025deepseek,
  title={Deepseek-r1: Incentivizing reasoning capability in llms via reinforcement learning},
  author={Guo, Daya and Yang, Dejian and Zhang, Haowei and Song, Junxiao and Zhang, Ruoyu and Xu, Runxin and Zhu, Qihao and Ma, Shirong and Wang, Peiyi and Bi, Xiao and others},
  journal={arXiv preprint arXiv:2501.12948},
  year={2025}
}
@article{guo2024deepseek,
  title={DeepSeek-Coder: When the Large Language Model Meets Programming--The Rise of Code Intelligence},
  author={Guo, Daya and Zhu, Qihao and Yang, Dejian and Xie, Zhenda and Dong, Kai and Zhang, Wentao and Chen, Guanting and Bi, Xiao and Wu, Yu and Li, YK and others},
  journal={arXiv preprint arXiv:2401.14196},
  year={2024}
}
@article{roziere2023code,
  title={Code llama: Open foundation models for code},
  author={Roziere, Baptiste and Gehring, Jonas and Gloeckle, Fabian and Sootla, Sten and Gat, Itai and Tan, Xiaoqing Ellen and Adi, Yossi and Liu, Jingyu and Sauvestre, Romain and Remez, Tal and others},
  journal={arXiv preprint arXiv:2308.12950},
  year={2023}
}
@article{zhou2024comparison,
  title={Comparison of static application security testing tools and large language models for repo-level vulnerability detection},
  author={Zhou, Xin and Tran, Duc-Manh and Le-Cong, Thanh and Zhang, Ting and Irsan, Ivana Clairine and Sumarlin, Joshua and Le, Bach and Lo, David},
  journal={arXiv preprint arXiv:2407.16235},
  year={2024}
}
@article{li2024llm,
  title={LLM-Assisted Static Analysis for Detecting Security Vulnerabilities},
  author={Li, Ziyang and Dutta, Saikat and Naik, Mayur},
  journal={arXiv preprint arXiv:2405.17238},
  year={2024}
}
@article{wang2023boosting,
  title={Boosting language models reasoning with chain-of-knowledge prompting},
  author={Wang, Jianing and Sun, Qiushi and Li, Xiang and Gao, Ming},
  journal={arXiv preprint arXiv:2306.06427},
  year={2023}
}
@article{sahoo2024systematic,
  title={A systematic survey of prompt engineering in large language models: Techniques and applications},
  author={Sahoo, Pranab and Singh, Ayush Kumar and Saha, Sriparna and Jain, Vinija and Mondal, Samrat and Chadha, Aman},
  journal={arXiv preprint arXiv:2402.07927},
  year={2024}
}

@article{xiang2025towards,
  title={Towards System 2 Reasoning in LLMs: Learning How to Think With Meta Chain-of-Though},
  author={Xiang, Violet and Snell, Charlie and Gandhi, Kanishk and Albalak, Alon and Singh, Anikait and Blagden, Chase and Phung, Duy and Rafailov, Rafael and Lile, Nathan and Mahan, Dakota and others},
  journal={arXiv preprint arXiv:2501.04682},
  year={2025}
}
